@Book{GOF,
  author = 	 {Erich Gamma and Richard Helm and John Vlissides and Ralf Johnson},
  editor = 	 {Addison-Wesley Professional Computing Series},
  title = 	 {Design Patterns: Elements of Reusable Object-Oriented Software},
  publisher = 	 {Addison-Wesley Professional},
  year = 	 {1995},
  edition = 	 {first}
}
