@Book{XPExplained,
 author   = {Kent Beck},
 title    = {Extreme Programming Explained},
 edition  = {2º},
 publisher= {Addison-Wesley Professional},
 year     = {2004},
}
@Book{TDDByExample,
 author   = {Kent Beck},
 title    = {Test-Driven Development By Example},
 edition  = {1º},
 publisher= {Addison-Wesley Professional},
 year     = {2002},
}
@Book{GOOS,
 author   = {Steve Freeman e Nat Pryce},
 title    = {Growing Object-Oriented Software, Guided by Tests},
 edition  = {1º},
 publisher= {Addison-Wesley Professional},
 year     = {2009},
}
