@Book{astels-tdd,
  author = {Astels, D.},
  title = {Test-Driven Development: A Practical Guide},
  edition = {2},
  publisher = {Prentice Hall},
  year = {2003}
 }

@Book{bob-martin,
 author   = {Robert C. Martin},
 title    = {Agile Software Development, Principles, Patterns, and Practices},
 edition  = {1},
 publisher= {Prentice Hall},
 year     = {2002},
}

@Book{gof,
 author   = {Eric T Freeman and Elisabeth Robson and et al},
 title    = {Head First Design Patterns},
 edition  = {1},
 publisher= {O'Reilly Media},
 year     = {2004},
}


@Book{meyer-ocp,
 author   = {Bertrand Meyer},
 title    = {Object Oriented Software Construction},
 edition  = {2},
 publisher= {Prentice Hall},
 year     = {1997},
}


@Book{demarco,
 author   = {Tom DeMarco},
 title    = {Structured Analysis and System Specifications},
 edition  = {1},
 publisher= {Yourdon Press Computing Series},
 year     = {1979},
}


@Book{pagejones,
 author   = {Meilir Page-Jones},
 title    = {The Practical Guide to Structured Systems Design},
 edition  = {2},
 publisher= {Yourdon Press Computing Series},
 year     = {1988},
}


@Book{kerievsky,
 author   = {Joshua Kerievsky},
 title    = {Refactoring to Patterns},
 edition  = {1},
 publisher= {Addison-Wesley Professional},
 year     = {2004},
}

@Book{art-of-sw-testing,
 author   = {Glenford J. Myers et al.},
 title    = {The Art of Software Testing},
 edition  = {2},
 publisher= {Wiley},
 year     = {2004},
}

@Book{junit-in-action,
 author   = {Vicent Massol and Ted Husted},
 title    = {JUnit in Action},
 edition  = {2},
 publisher= {Manning Publications},
 year     = {2003},
}

@Book{rossman,
 author   = {Gretchen B. Rossman and Sharon F. Rallis},
 title    = {Learning in the Field: An Introduction to Qualitative Research},
 edition  = {2},
 publisher= {Sage Publications},
 year     = {2003},
}

@Book{creswell,
 author   = {John W. Creswell},
 title    = {Research design: qualitative, quantitative, and mixed methods approaches},
 edition  = {3},
 publisher= {Sage Publications},
 year     = {2008},
}

@inproceedings{liskov,
 author = {Liskov, Barbara},
 title = {Keynote address - data abstraction and hierarchy},
 booktitle = {OOPSLA '87: Addendum to the proceedings on Object-oriented programming systems, languages and applications (Addendum)},
 year = {1987},
 isbn = {0-89791-266-7},
 pages = {17--34},
 location = {Orlando, Florida, United States},
 doi = {http://doi.acm.org/10.1145/62138.62141},
 publisher = {ACM},
 address = {New York, NY, USA},
 }

@Book{robson,
 author   = {Robson C.},
 title    = {Real World Research},
 edition  = {2},
 publisher= {Blackwell},
 year     = {2002},
}

@Book{yin,
 author   = {Robert K. Yin},
 title    = {Case Study Research: Design and Methods},
 edition  = {3},
 publisher= {Sage},
 year     = {2003},
}

@Book{XPExplained,
 author   = {Kent Beck},
 title    = {Extreme Programming Explained},
 edition  = {2},
 publisher= {Addison-Wesley Professional},
 year     = {2004},
}
@Book{TDDByExample,
 author   = {Kent Beck},
 title    = {Test-Driven Development By Example},
 edition  = {1},
 publisher= {Addison-Wesley Professional},
 year     = {2002},
}
@Book{GOOS,
 author   = {Steve Freeman e Nat Pryce},
 title    = {Growing Object-Oriented Software, Guided by Tests},
 edition  = {1},
 publisher= {Addison-Wesley Professional},
 year     = {2009},
}
@Misc{AgileManifesto,
  author =	 {Kent Beck and Mike Beedle and Arie van Bennekum and
                  Alistair Cockburn and Ward Cunningham and Martin
                  Fowler and James Grenning and Jim Highsmith and
                  Andrew Hunt and Ron Jeffries and Jon Kern and Brian
                  Marick and Robert C. Martin and Steve Mellor and Ken
                  Schwaber and Jeff Sutherland Dave Thomas},
  title =	 {Manifesto for Agile Software Development},
  howpublished = "\url{http://agilemanifesto.org/}",
  note =	 {Último acesso em 01/10/2010},
  month =	 {02},
  year =	 {2001}
}



@article{guidelines-case-study,
 author = {Per Runeson and Martin Host},
 title = {Guidelines for conducting and reporting case study research in software engineering},
 journal = {Empirical Software Engineering},
 volume = {14},
 number = {2},
 year = {2009},
 issn = {1382-3256},
 pages = {131--164},
 doi = {http://dx.doi.org/10.1007/s10664-008-9102-8},
 publisher = {Kluwer Academic Publishers},
 address = {Hingham, MA, USA}
 }

@article{seaman,
 author = {Seaman, Carolyn B.},
 title = {Qualitative Methods in Empirical Studies of Software Engineering},
 journal = {IEEE Transactions Software Engineering},
 volume = {25},
 number = {4},
 year = {1999},
 issn = {0098-5589},
 pages = {557--572},
 doi = {http://dx.doi.org/10.1109/32.799955},
 publisher = {IEEE Press},
 address = {Piscataway, NJ, USA},
 }

@article{sjoberg,
 author = {Sjoeberg, D.I.K. and Hannay, J.E. and et al.},
 title = {A survey of controlled experiments in software engineering},
 journal = { Software Engineering, IEEE Transactions},
 volume = {31},
 number = {9},
 year = {2005},
 issn = {0098-5589},
 pages = {733-753},
 doi = {http://dx.doi.org/10.1109/TSE.2005.97},
 publisher = {IEEE Computer Society}
 }

@article{ramesh,
title = "Research in computer science: an empirical study",
journal = "Journal of Systems and Software",
volume = "70",
number = "1-2",
pages = "165 - 176",
year = "2004",
issn = "0164-1212",
doi = "DOI: 10.1016/S0164-1212(03)00015-3",
url = "http://www.sciencedirect.com/science/article/B6V0N-49N06GS-K/2/d914c450d030acabbdb8ef9e219ef63e",
author = "V. Ramesh and Robert L. Glass and Iris Vessey"
}

@article{benbasat,
 author = {Izak Benbasat, David K. Goldstein and Melissa Mead},
 title = {The Case Research Strategy in Studies of Information Systems},
 journal = {MIS Quarterly},
 volume = {11},
 number = {3},
 year = {1987},
 pages = {369-386},
 publisher = {Management Information Systems Research Center, University of Minnesota}
 }


@article{tdd-really-improve,
	title={Does Test-Driven Development Really Improve Software Design Quality?},
    author = {David Janzen and Hossein Saiedian},
    year = {2008},
    journal = {IEEE Software},
    volume = {25},
    issue = {2},
    pages = {77-84},
    doi = {http://dx.doi.org/10.1109/MS.2008.34},
    issn = {0740-7459},
    publisher = {IEEE Computer Society}
}

@article{aniche-mistakes,
author = {Mauricio Finavaro Aniche and Marco Aurelio Gerosa},
title = {Most Common Mistakes in Test-Driven Development Practice: Results from an Online Survey with Developers},
journal ={Software Testing Verification and Validation Workshop, IEEE International Conference on},
volume = {0},
isbn = {978-0-7695-4050-4},
year = {2010},
pages = {469-478},
doi = {http://doi.ieeecomputersociety.org/10.1109/ICSTW.2010.16},
publisher = {IEEE Computer Society},
address = {Los Alamitos, CA, USA},
}

@article{aniche-wbma,
  title={What Concerns Beginner Test-Driven Development Practitioners: A Qualitative Analysis of Opinions in an Agile Conference},
  author={Aniche, M.F. and Ferreira, T.M. and Gerosa, M.A.},
  year = {2011},
  howpublished = {2o Workshop Brasileiro de Métodos Ágeis}
}

@Misc{agilealliance-tdd,
  author = 	 {Agile Alliance},
  title = 	 {Test-Driven Development},
  howpublished = "\url{http://www.agilealliance.org/programs/roadmaps/Roadmap/tdd/tdd_index.htm}",
  year = 	 {2005}
}

@ARTICLE{tdd-taxonomy,
author={Janzen, D. and Saiedian, H.},
journal={Computer},
title={Test-driven development concepts, taxonomy, and future direction},
year={2005},
month={sept.},
volume={38},
number={9},
pages={43 - 50},
doi={10.1109/MC.2005.314},
ISSN={0018-9162}
}

@MISC{bobmartin-infoq,
	author = {Robert Martin},
	title = {The Principles of Agile Design},
	year = {2007},
	howpublished = {\url{http://www.infoq.com/presentations/principles-agile-oo-design}},
  	note = {Último acesso em 12/10/2010}
}

@MISC{feathers-synergy,
	author = "Michael Feathers",
	title = "The Deep Synergy Between Testability and Good Design",
	year = {2007},
	howpublished = "\url{http://michaelfeathers.typepad.com/michael_feathers_blog/2007/09/the-deep-synerg.html}",
  	note = {Último acesso em 27/10/2010}
}

@MISC{wambler-tdd,
	author = "Scott Wambler",
	title = "Introduction to Test Driven Design (TDD)",
	year = {2007},
	howpublished = "\url{http://www.agiledata.org/essays/tdd.html}",
  	note = {Último acesso em 27/10/2010}
}

@MISC{versionone-2012,
	author = "Version One",
	title = "State of Agile Development Survey Results",
	year = {2012},
	howpublished = "\url{http://www.versionone.com/state_of_agile_development_survey/11/}",
	note = {Último acesso em 29/02/2012}
}

@MISC{is-design-dead,
	author = "Martin Fowler",
	title = "Is Design Dead?",
	year = {2004},
	howpublished = "\url{http://martinfowler.com/articles/designDead.html}",
  	note = {Último acesso em 28/10/2010}
}

@inproceedings{vanderburg,
 author = {Vanderburg, Glenn},
 title = {A simple model of agile software processes -- or -- extreme programming annealed},
 booktitle = {OOPSLA '05: Proceedings of the 20th annual ACM SIGPLAN conference on Object-oriented programming, systems, languages, and applications},
 year = {2005},
 isbn = {1-59593-031-0},
 pages = {539--545},
 location = {San Diego, CA, USA},
 doi = {http://doi.acm.org/10.1145/1094811.1094854},
 publisher = {ACM},
 address = {New York, NY, USA}
 }

@article{aim-fire,
author = {Kent Beck},
title = {Aim, Fire},
journal ={IEEE Software},
volume = {18},
issn = {0740-7459},
year = {2001},
pages = {87-89},
doi = {http://doi.ieeecomputersociety.org/10.1109/52.951502},
publisher = {IEEE Computer Society},
address = {Los Alamitos, CA, USA},
}

@article{tdd-fearless,
author={Jeffries, Ron;   Melnik, Grigori},
title = {TDD - The Art of Fearless Programming},
journal = {IEEE Software},
volume = {24},
issn={0740-7459},
doi={http://dx.doi.org/10.1109/MS.2007.75},
publisher={IEEE Computer Society},
year={2007},
pages={24-30}
}

@Misc{bobmartin-oodmetrics,
author = {Robert C. Martin},
title = {OO Design Quality Metrics},
year = {1994},
}

@Book{gibbs,
 author   = {Graham Gibbs},
 title    = {Analyzing qualitative data},
 publisher= {Sage Publications},
 year     = {2008},
}

@Book{locke,
 author   = {Lawrence Locke, Waneen Wyrick Spirduso, Stephen J. Silverman},
 title    = {Proposals that work: A guide for planning dissertations and grant proposals},
 publisher= {Sage Publications},
 year     = {2007},
}

@MISC{wambler-survey-agile,
	author = "Scott Wambler",
	title = "How Agile Are You? 2010 Survey Results",
	year = {2010},
	howpublished = "\url{http://www.ambysoft.com/surveys/howAgileAreYou2010.html}",
  	note = {Último acesso em 28/10/2010}
}

@MISC{wambler-survey-tdd,
	author = "Scott Wambler",
	title = "Test Driven Development (TDD) Survey Results: October 2008",
	year = {2008},
	howpublished = "\url{http://www.ambysoft.com/surveys/tdd2008.html}",
  	note = {Último acesso em 28/10/2010}
}
   
@article {alarming-results,
   author = {Siniaalto, Maria and Abrahamsson, Pekka},
   title = {Does Test-Driven Development Improve the Program Code? {Alarming} Results from a Comparative Case Study},
   series = {Lecture Notes in Computer Science},
   editor = {Meyer, Bertrand and Nawrocki, Jerzy and Walter, Bartosz},
   publisher = {Springer Berlin / Heidelberg},
   pages = {143-156},
   volume = {5082},
   journal = {Balancing Agility and Formalism in Software Engineering},
   url = {http://dx.doi.org/10.1007/978-3-540-85279-7_12},
   year = {2008}
}

@Book{grounded-theory,
  author = {Juliet Corbin, Anselm Strauss},
  title = {Basics of Qualitative Research: Techniques and Procedures for Developing Grounded Theory},
  year = {2007},
  edition = {3rd edition},
  publisher = {Sage Publications}
}

@inproceedings{janzen-arch-improvement,
 author = {Janzen, David S.},
 title = {Software architecture improvement through test-driven development},
 booktitle = {Companion to the 20th annual ACM SIGPLAN conference on Object-oriented programming, systems, languages, and applications},
 series = {OOPSLA '05},
 year = {2005},
 isbn = {1-59593-193-7},
 location = {San Diego, CA, USA},
 pages = {240--241},
 numpages = {2},
 url = {http://doi.acm.org/10.1145/1094855.1094954},
 doi = {http://doi.acm.org/10.1145/1094855.1094954},
 acmid = {1094954},
 publisher = {ACM},
 address = {New York, NY, USA},
 keywords = {agile methods, test-driven development},
} 

@inproceedings{max-e-williams,
 author = {Maximilien, E. Michael and Williams, Laurie},
 title = {Assessing test-driven development at {IBM}},
 booktitle = {Proceedings of the 25th International Conference on Software Engineering},
 series = {ICSE '03},
 year = {2003},
 isbn = {0-7695-1877-X},
 location = {Portland, Oregon},
 pages = {564-569},
 numpages = {6},
 url = {http://portal.acm.org/citation.cfm?id=776816.776892},
 acmid = {776892},
 publisher = {IEEE Computer Society},
 address = {Washington, DC, USA},
} 

@incollection {lui-e-chan,
   author = {Lui, Kim Man and Chan, Keith C.C.},
   affiliation = {Department of Computing The Hong Kong Polytechnic University, Hung Hom, Hong Kong},
   title = {Test Driven Development and Software Process Improvement in {China}},
   booktitle = {Extreme Programming and Agile Processes in Software Engineering},
   series = {Lecture Notes in Computer Science},
   editor = {Eckstein, Jutta and Baumeister, Hubert},
   publisher = {Springer Berlin / Heidelberg},
   pages = {219-222},
   volume = {3092},
   year = {2004}
}

@article{damn-lundberg-e-olson,
title = "Introducing Test Automation and Test-Driven Development: An Experience Report",
journal = "Electronic Notes in Theoretical Computer Science",
volume = "116",
pages = "3 - 15",
year = "2005",
note = "Proceedings of the International Workshop on Test and Analysis of Component Based Systems",
issn = "1571-0661",
doi = "DOI: 10.1016/j.entcs.2004.02.090",
url = "http://www.sciencedirect.com/science/article/B75H1-4FC40MJ-2/2/7b15742bd8ba2578b3a6dca8599210e3",
author = "Lars-Ola Damm and Lars Lundberg and David Olsson"
}

@article{george-williams-experiment,
title = "A structured experiment of test-driven development",
journal = "Information and Software Technology",
volume = "46",
number = "5",
pages = "337 - 342",
year = "2004",
note = "Special Issue on Software Engineering, Applications, Practices and Tools from the ACM Symposium on Applied Computing 2003",
issn = "0950-5849",
doi = "DOI: 10.1016/j.infsof.2003.09.011",
url = "http://www.sciencedirect.com/science/article/pii/S0950584903002040",
author = "Boby George and Laurie Williams",
keywords = "Software engineering",
keywords = "Test driven development",
keywords = "Extreme programming",
keywords = "Agile methodologies"
}

@inproceedings{george-e-williams,
 author = {George, Boby and Williams, Laurie},
 title = {An initial investigation of test driven development in industry},
 booktitle = {Proceedings of the 2003 ACM symposium on Applied computing},
 series = {SAC '03},
 year = {2003},
 isbn = {1-58113-624-2},
 location = {Melbourne, Florida},
 pages = {1135--1139},
 numpages = {5},
 url = {http://doi.acm.org/10.1145/952532.952753},
 doi = {http://doi.acm.org/10.1145/952532.952753},
 acmid = {952753},
 publisher = {ACM},
 address = {New York, NY, USA},
 keywords = {agile methodologies, extreme programming, software engineering, software experimentation, test driven development},
} 

@inproceedings{nagappan-ms,
 author = {Bhat, Thirumalesh and Nagappan, Nachiappan},
 title = {Evaluating the efficacy of test-driven development: industrial case studies},
 booktitle = {Proceedings of the 2006 ACM/IEEE international symposium on Empirical software engineering},
 series = {ISESE '06},
 year = {2006},
 isbn = {1-59593-218-6},
 location = {Rio de Janeiro, Brazil},
 pages = {356-363},
 numpages = {8},
 url = {http://doi.acm.org/10.1145/1159733.1159787},
 doi = {http://doi.acm.org/10.1145/1159733.1159787},
 acmid = {1159787},
 publisher = {ACM},
 address = {New York, NY, USA},
 keywords = {software quality, test-driven development},
}

@misc{langr,
  author = {Langr, J.},
  title = {Evolution of Test and Code Via Test-First Design},
  howpublished = "\url{http://eisc.univalle.edu.co/materias/TPS/archivos/articulosPruebas/test_first_design.pdf}",
  year = 	 {2001},
  note =	 {Último acesso em 01/03/2011},
 }
   
@article{erdogmus-morisio,
author = {Hakan Erdogmus and Maurizio Morisio and Marco Torchiano},
title = {On the Effectiveness of the Test-First Approach to Programming},
journal ={IEEE Transactions on Software Engineering},
volume = {31},
issn = {0098-5589},
year = {2005},
pages = {226-237},
doi = {http://doi.ieeecomputersociety.org/10.1109/TSE.2005.37},
publisher = {IEEE Computer Society},
address = {Los Alamitos, CA, USA},
}

@article{janzen-saiedian,
  author = {David Janzen and Hossein Saiedian},
  title = {On the Influence of Test-Driven Development on Software Design},
  journal = {Proceedings of the 19th Conference on Software Engineering Education and Training (CSEET'06)},
  year = {2006},
  pages = {141-148},
  issn = {1093-0175},
  doi = {http://dx.doi.org/10.1109/CSEET.2006.25}
}


@ARTICLE{muller-e-hagner,
author={Muller, M.M. and Hagner, O.},
journal={Software, IEE Proceedings -},
title={Experiment about test-first programming},
year={2002},
month={oct},
volume={149},
number={5},
pages={ 131 - 136},
keywords={ extreme programming; program understanding; regression testing; test-first programming; program testing; programming theory;},
doi={10.1049/ip-sen:20020540},
ISSN={1462-5970},}


@article{steinberg,
  author = {Steinberg, D. H.},
  title = {The Effect of Unit Tests on Entry Points, Coupling and Cohesion in an Introductory Java Programming Course},
  journal = {XP Universe},
  year = {2001}
 }

@article{edwards,
  author = {Edwards, S. H.},
  title = {Using Test-Driven Development in a Classroom: Providing Students with Automatic, Concrete Feedback on Performance},
  journal = {International Conference on Education and Information Systems: Technologies and Applications},
  year = {2003}
}
  

@incollection {mugridge,
   author = {Mugridge, Rick},
   affiliation = {University of Auckland New Zealand},
   title = {Challenges in Teaching Test Driven Development},
   booktitle = {Extreme Programming and Agile Processes in Software Engineering},
   series = {Lecture Notes in Computer Science},
   editor = {Marchesi, Michele and Succi, Giancarlo},
   publisher = {Springer Berlin - Heidelberg},
   isbn = {978-3-540-40215-2},
   pages = {1015-1015},
   volume = {2675},
   year = {2003}
}

@article{tdd-body-of-evidence, 
	title={Test-driven development: empirical body of evidence}, 
	volume={D.2.7}, 
	publisher={Information Technology for European Advancement}, 
	author={Siniaalto, Maria}, 
	year={2006}, 
	pages={15}
}

@PHDTHESIS{janzen-phd,
   author = "David Janzen",
   title = "An Empirical Evaluation of the Impact of Test-Driven Development on Software Quality",
   school = "University of Kansas",
   year = 2006
}

@article {dogsa-batic,
   author = {Dogsa, Tomaz and Batic, David},
   affiliation = {Faculty of Electrical Engineering and Computer Science, Centre for Verification and Validation of Systems, University of Maribor, Smetanova ul. 17, SI-2000, Maribor, Slovenia},
   title = {The effectiveness of test-driven development: an industrial case study},
   journal = {Software Quality Journal},
   publisher = {Springer Netherlands},
   issn = {0963-9314},
   keyword = {Computer Science},
   pages = {1-19},
   url = {http://dx.doi.org/10.1007/s11219-011-9130-2},
   note = {10.1007/s11219-011-9130-2},
   year = {2011}
}

@incollection {madeyski-package-dependencies,
   author = {Madeyski, Lech},
   affiliation = {Institute of Applied Informatics, Wroclaw University of Technology, Wyb.Wyspianskiego 27, 50370 Wroclaw Poland Poland},
   title = {The Impact of Pair Programming and Test-Driven Development on Package Dependencies in Object-Oriented Design - An Experiment},
   booktitle = {Product-Focused Software Process Improvement},
   series = {Lecture Notes in Computer Science},
   editor = {Munch, Jurgen and Vierimaa, Matias},
   publisher = {Springer Berlin / Heidelberg},
   isbn = {},
   pages = {278-289},
   volume = {4034},
   url = {http://dx.doi.org/10.1007/11767718_24},
   year = {2006}
}

@inproceedings{turnu-tdd-opensouce,
 author = {Ivana Turnu and Marco Melis et al},
 title = {Introducing TDD on a free libre open source software project: a simulation experiment},
 booktitle = {Proceedings of the 2004 workshop on Quantitative techniques for software agile process},
 series = {QUTE-SWAP '04},
 year = {2004},
 location = {Newport Beach, California},
 pages = {59-65},
 numpages = {7},
 url = {http://doi.acm.org/10.1145/1151433.1151442},
 doi = {http://doi.acm.org/10.1145/1151433.1151442},
 acmid = {1151442},
 publisher = {ACM},
 address = {New York, NY, USA},
 keywords = {discrete event modeling, open source process, process modeling and simulation},
} 

@inproceedings{proulx,
 author = {Proulx, Viera K.},
 title = {Test-driven design for introductory OO programming},
 booktitle = {Proceedings of the 40th ACM technical symposium on Computer science education},
 series = {SIGCSE '09},
 year = {2009},
 isbn = {978-1-60558-183-5},
 location = {Chattanooga, TN, USA},
 pages = {138 - 142},
 numpages = {5},
 url = {http://doi.acm.org/10.1145/1508865.1508919},
 doi = {http://doi.acm.org/10.1145/1508865.1508919},
 acmid = {1508919},
 publisher = {ACM},
 address = {New York, NY, USA},
 keywords = {cs1/2, design, pedagogy, programming education, test driven design},
} 

@MISC{josefsson,
	author = "Marc Josefsson",
	title = "Making Architectural Design Phase Obsolete - TDD as a Design Method",
	year = {2004},
	howpublished = "\url{http://www.soberit.hut.fi/T-76.5650/Spring_2004/Papers/M.Josefsson_76650_final.pdf}",
  	note = {T-76.650 Seminar course on SQA in Agile Software Development Helsinki University of Technology. Último acesso em 01/03/2011}
}

@Book{madeyski-livro,
 author   = {Lech Madeyski},
 title    = {Test-Driven Development: An Empirical Evaluation of Agile Practice},
 edition  = {1},
 publisher= {Springer},
 year     = {2009},
}

@article{martin-profissionalismo,
author = {Robert C. Martin},
title = {Professionalism and Test-Driven Development},
journal ={IEEE Software},
volume = {24},
issn = {0740-7459},
year = {2007},
pages = {32-36},
doi = {http://doi.ieeecomputersociety.org/10.1109/MS.2007.85},
publisher = {IEEE Computer Society},
address = {Los Alamitos, CA, USA},
}

@MastersThesis{angela-li,
author = {Angela Ling Li},
title = {Understanding the efficacy of Test Driven Development},
school = {Auckland University of Technology},
year = {2009},
}

@Book{agile-ppp,
  author = 	 {Robert Martin},
  title = 	 {Agile Principles, Patterns, and Practices in C\#},
  edition = {1},
  year = 	 {2006},
  publisher = {Prentice Hall}
}

@Book{miles-and-huberman,
  title = {Qualitative Data Analysis: A Sourcebook of New Methods},
  author = {Matthew B. Miles, Michael Huberman},
  publisher = {Sage Publications},
  year = {1994}
}


@Book{stake,
  author = 	 {R. E. Stake},
  title = 	 {The art of case study research.},
  year = 	 {1995},
  publisher = {Sage}
}

@Book{gibbs-2007,
  author = 	 {Graham R. Gibbs},
  title = 	 {Analyzing Dalitative Data (Qualitative Research Kit)},
  year = 	 {2007},
  publisher = {London: Sage}
}

@Book{merriam-1998,
  author = 	 {Sharan B. Merriam},
  title = 	 {Qualitative Research and Case Study Applications in Education},
  year = 	 {1998},
  publisher = {Jossey-Bass}
}

@article{crowne,
author = {Crowne, D. P. and Marlowe, D.},
title = {A new scale of social desirability independent of psychopathology},
year = {1960},
journal = {Journal of Consulting Psychology},
volume={24},
pages = {349-354}
}

@book{lanza,
 author = {Lanza, Michele and Marinescu, Radu and Ducasse, St\'{e}phane},
 title = {Object-Oriented Metrics in Practice},
 year = {2005},
 isbn = {3540244298},
 publisher = {Springer-Verlag New York, Inc.},
 address = {Secaucus, NJ, USA},
} 

@article{mccabe,
author = {McCabe, T.},
title = {A complexity Measure},
journal ={IEEE TSE},
volume = {4},
year = {1976},
pages = {308-320}
}

@book{lcom-hs,
author = {Henderson-Sellers, B.},
title = {Object-oriented metrics: measures of complexity},
year ={1996},
publisher = {Prentice-Hall},
pages = {142-147}
}

@book{lorenz,
author = {Lorenz, M.; Kidd, J.},
title = {Object-Oriented Software Metrics: A Practical Guide},
year ={1994},
publisher = {Prentice-Hall}
}

@incollection{mocks,
author = {Mackinnon T., Freeman S., Craig P.},
title = {Endotesting: unit testing with mock objects},
booktitle = {Extreme Programming Examined},
year = {2001},
publisher = {Addison-Wesley Longman Publishing Co.},
pages = {287-301},
editor = {G. Succi and M. Marchesi}
}
